@book{baeza1999,
	title={Modern information retrieval},
	author={Baeza-Yates, Ricardo and Ribeiro-Neto, Berthier and others},
	volume={463},
	year={1999},
	publisher={ACM press New York}
}

@article{wu2008interpreting,
	title={Interpreting tf-idf term weights as making relevance decisions},
	author={Wu, Ho Chung and Luk, Robert Wing Pong and Wong, Kam Fai and Kwok, Kui Lam},
	journal={ACM Transactions on Information Systems (TOIS)},
	year={2008},
	publisher={ACM}
}

@inproceedings{bird2006nltk,
	title={NLTK: the natural language toolkit},
	author={Bird, Steven},
	booktitle={Proceedings of the COLING/ACL on Interactive presentation sessions},
	year={2006},
	organization={Association for Computational Linguistics}
}

@inproceedings{tfidf,
	title={TF-IDF, Term Frequency-Inverse Document Frequency},
	author={Ethen Liu},
	year={2015},
	url={http://ethen8181.github.io/machine-learning/clustering_old/tf_idf/tf_idf.html}
}

@article{DBLP:journals/ir/Mogotsi10,
	author    = {I. C. Mogotsi},
	title     = {Christopher D. Manning, Prabhakar Raghavan, and Hinrich Sch{\"{u}}tze:
	Introduction to information retrieval - Cambridge University Press,
	Cambridge, England, 2008, 482 pp, {ISBN:} 978-0-521-86571-5},
	journal   = {Inf. Retr.},
	volume    = {13},
	year      = {2010},
	url       = {https://doi.org/10.1007/s10791-009-9115-y},
}




